%% This BibTeX bibliography file was created using BibDesk.
%% https://bibdesk.sourceforge.io/

%% Created for Tim Alenus at 2019-07-03 08:02:40 +0200 


%% Saved with string encoding Unicode (UTF-8) 


@comment{jabref-meta: databaseType:biblatex;}



@manual{lievens,
	Author = {Stijn Lievens},
	Date-Added = {2019-07-01 07:41:11 +0000},
	Date-Modified = {2019-07-01 07:43:08 +0000},
	Organization = {Hogeschool Gent},
	Title = {Artifici{\"e}le Intelligentie lesnota's},
	Year = {2018}}

@book{liu,
	Author = {Henry H Liu},
	Date-Added = {2019-04-08 15:33:47 +0000},
	Date-Modified = {2019-04-08 15:34:21 +0000},
	Publisher = {Wiley},
	Title = {Software performance and scalability},
	Year = {2009}}

@article{ing,
	Author = {Julien Manceaux},
	Date-Added = {2019-04-07 07:48:20 +0000},
	Date-Modified = {2019-04-07 07:58:48 +0000},
	Journal = {ING Belgian Economic Newsletter},
	Title = {Belgen niet dol op deelauto's},
	Year = {2018}}

@book{millardball,
	Author = {Adam Millard-Ball and Gail Murray and Jessica Ter Schure and Christine Fox and Jon Burkhardt},
	Date-Added = {2019-04-07 07:16:06 +0000},
	Date-Modified = {2019-04-07 07:56:14 +0000},
	Publisher = {Transportation Research Board},
	Title = {Car-Sharing: Where and How It Succeeds},
	Year = {2005}}

@article{morency,
	Author = {Catherine Morency and Martin Tr{\'e}panier and Bruno Agard and Basile Martin and Joel Quashie},
	Date-Added = {2019-04-06 15:49:00 +0000},
	Date-Modified = {2019-04-06 15:50:14 +0000},
	Journal = {The 10th International IEEE Conference on Intelligent Transportation Systems},
	Title = {Car sharing system: what transaction datasets reveal on users' behaviors},
	Year = {2007}}

@mastersthesis{van-buggenhout,
	Author = {Laurine Van Buggenhout},
	Date-Added = {2019-04-06 13:11:20 +0000},
	Date-Modified = {2019-04-06 13:12:26 +0000},
	School = {Ghent University},
	Title = {DIMENSIONING OF CAR SHARING SYSTEMS BY MEANS OF QUEUEING THEORY},
	Year = {2017}}

@book{Knuth1998,
	Address = {Redwood City, CA, USA},
	Author = {Knuth, Donald E.},
	Publisher = {Addison Wesley Longman Publishing Co., Inc.},
	Title = {The art of computer programming, volume 3: (2nd ed.) sorting and searching},
	Year = {1998}}

@book{Pollefliet2011,
	Address = {Gent},
	Author = {Pollefliet, Leen},
	Publisher = {Academia Press},
	Title = {Schrijven van verslag tot eindwerk: do's en don'ts},
	Year = {2011}}

@article{Creeger2009,
	Author = {Creeger, Mache},
	Journal = {Communications of the ACM},
	Number = {8},
	Pages = {50--56},
	Title = {{CTO Roundtable: Cloud Computing}},
	Volume = {52},
	Year = {2009}}

@book{russel-norvig,
	Author = {Stuart Russel and Peter Norvig},
	Date-Added = {2018-12-06 08:39:49 +0000},
	Date-Modified = {2018-12-06 08:42:24 +0000},
	Edition = {Second edition},
	Publisher = {Pearson Education},
	Title = {Artificial Intelligence a Modern Approach},
	Year = {2003}}

@book{negnevitsky,
	Author = {Michael Negnevitsky},
	Date-Added = {2018-12-03 15:31:01 +0000},
	Date-Modified = {2018-12-03 15:32:31 +0000},
	Publisher = {Addison Wesley},
	Title = {Artificial Intelligence},
	Year = {2005}}

@webpage{de-smet,
	Author = {Geoffrey De Smet},
	Date-Added = {2018-11-20 15:54:55 +0000},
	Date-Modified = {2018-11-20 15:55:52 +0000},
	Month = {November},
	Read = {1},
	Title = {Automated Planning Problems Are Cursed With NP Completeness},
	Url = {https://dzone.com/articles/automated-planning-problems},
	Year = {2018},
	Bdsk-Url-1 = {https://dzone.com/articles/automated-planning-problems}}
