%% This BibTeX bibliography file was created using BibDesk.
%% https://bibdesk.sourceforge.io/

%% Created for Tim Alenus at 2018-12-06 18:24:25 +0100 


%% Saved with string encoding Unicode (UTF-8) 



@manual{manualoptaplanner,
	Author = {OptaplannerTeam},
	Date-Added = {2018-12-06 17:09:30 +0000},
	Date-Modified = {2018-12-06 17:24:23 +0000},
	Organization = {Red Hat},
	Title = {Optaplanner User Guide}}

@article{santos,
	Author = {Diogo Santos and Pedro Fernandes and Henrique Lopes Cardoso and Eug{\'e}nio Oliviera},
	Date-Added = {2018-12-06 15:11:24 +0000},
	Date-Modified = {2018-12-06 15:14:58 +0000},
	Journal = {2015 IEEE 18th International Conference on Computational Science and Engineering},
	Title = {A Weighted Constraint Optimization Approach to the Nurse Scheduling Problem},
	Year = {2015}}

@webpage{ortools,
	Date-Added = {2018-12-06 12:00:51 +0000},
	Date-Modified = {2018-12-06 12:01:29 +0000},
	Url = {https://developers.google.com/optimization/},
	Year = {2018},
	Bdsk-Url-1 = {https://developers.google.com/optimization/}}

@book{norvig,
	Author = {Stuart Russel and Peter Norvig},
	Date-Added = {2018-12-06 09:18:43 +0000},
	Date-Modified = {2018-12-06 09:19:23 +0000},
	Publisher = {Pearson Education},
	Title = {Artificial Intelligence a Modern Approach},
	Year = {2003}}

@book{negnevitsky,
	Author = {Michael Negnevitsky},
	Date-Added = {2018-12-03 15:31:01 +0000},
	Date-Modified = {2018-12-03 15:32:31 +0000},
	Publisher = {Addison Wesley},
	Title = {Artificial Intelligence},
	Year = {2005}}

@webpage{de-smet,
	Author = {Geoffrey De Smet},
	Date-Added = {2018-11-20 15:54:55 +0000},
	Date-Modified = {2018-11-20 15:55:52 +0000},
	Month = {November},
	Read = {1},
	Title = {Automated Planning Problems Are Cursed With NP Completeness},
	Url = {https://dzone.com/articles/automated-planning-problems},
	Year = {2018},
	Bdsk-Url-1 = {https://dzone.com/articles/automated-planning-problems}}

@misc{DeSmet,
	Author = {Geoffrey De Smet},
	Date-Added = {2018-11-20 08:46:30 +0000},
	Date-Modified = {2018-11-20 08:48:31 +0000},
	Howpublished = {Slideshare presentation},
	Keywords = {planning software, optimalisation},
	Month = {November},
	Title = {Pushing the rule engine to its limits with Drools planner},
	Year = {2010},
	Bdsk-Url-1 = {https://www.slideshare.net/ge0ffrey/pushing-the-rule-engine-to-its-limits-with-drools-planner-parisjug-20101109/17}}

@webpage{optaplanner,
	Date-Added = {2018-11-20 08:42:39 +0000},
	Date-Modified = {2018-12-06 16:17:40 +0000},
	Keywords = {planning software},
	Lastchecked = {2018},
	Read = {0},
	Url = {http://www.optaplanner.org/},
	Urldate = {20/11/2018},
	Bdsk-Url-1 = {http://www.optaplanner.org/}}
